@inproceedings{mylar,
  title={Building Web Applications on Top of Encrypted Data Using Mylar.},
  author={Popa, Raluca Ada and Stark, Emily and Helfer, Jonas and Valdez, Steven and Zeldovich, Nickolai and Kaashoek, M Frans and Balakrishnan, Hari},
  booktitle={NSDI},
  pages={157--172},
  year={2014}
}

@article{arx,
  title={Arx: A Strongly Encrypted Database System.},
  author={Poddar, Rishabh and Boelter, Tobias and Popa, Raluca Ada},
  journal={IACR Cryptology ePrint Archive},
  volume={2016},
  pages={591},
  year={2016}
}

@inproceedings{seabed,
  title={Big Data Analytics over Encrypted Datasets with Seabed.},
  author={Papadimitriou, Antonis and Bhagwan, Ranjita and Chandran, Nishanth and Ramjee, Ramachandran and Haeberlen, Andreas and Singh, Harmeet and Modi, Abhishek and Badrinarayanan, Saikrishna},
  booktitle={OSDI},
  pages={587--602},
  year={2016}
}

@inproceedings{cryptdb,
  title={CryptDB: protecting confidentiality with encrypted query processing},
  author={Popa, Raluca Ada and Redfield, Catherine and Zeldovich, Nickolai and Balakrishnan, Hari},
  booktitle={Proceedings of the Twenty-Third ACM Symposium on Operating Systems Principles},
  pages={85--100},
  year={2011},
  organization={ACM}
}

@misc{morningPaper,
   author =       {Adrian Colyer},
   title =        {Why your encrypted database is not secure},
   month =        {June},
   year =         {2017},
   url = {https://blog.acolyer.org/2017/06/16/why-your-encrypted-database-is-not-secure/},
   note =         {[Online; visited 13-October-2017]},
 }

 @inproceedings{PIR,
  title={Private information retrieval},
  author={Chor, Benny and Goldreich, Oded and Kushilevitz, Eyal and Sudan, Madhu},
  booktitle={Foundations of Computer Science, 1995. Proceedings., 36th Annual Symposium on},
  pages={41--50},
  year={1995},
  organization={IEEE}
}

@inproceedings{CPIR,
  title={Replication is not needed: Single database, computationally-private information retrieval},
  author={Kushilevitz, Eyal and Ostrovsky, Rafail},
  booktitle={Foundations of Computer Science, 1997. Proceedings., 38th Annual Symposium on},
  pages={364--373},
  year={1997},
  organization={IEEE}
}